{
  "leader": "01654cam a22004331  4500",
  "fields": [
    {
      "001": "ocm01454040\\"
    },
    {
      "003": "OCoLC"
    },
    {
      "005": "20211007164521.0"
    },
    {
      "008": "810725s1940\\\\\\\\nyuaf\\\\\\\\\\\\\\\\\\000\\0\\eng\\\\"
    },
    {
      "010": {
        "ind1": "\\",
        "ind2": "\\",
        "subfields": [
          {
            "a": "   40030586 "
          }
        ]
      }
    },
    {
      "040": {
        "ind1": "\\",
        "ind2": "\\",
        "subfields": [
          {
            "a": "NLM"
          },
          {
            "b": "eng"
          },
          {
            "c": "NLM"
          },
          {
            "d": "JPL"
          },
          {
            "d": "DLC"
          },
          {
            "d": "TJM"
          },
          {
            "d": "AGL"
          },
          {
            "d": "LVB"
          },
          {
            "d": "CGC"
          },
          {
            "d": "COF"
          },
          {
            "d": "CUN"
          },
          {
            "d": "GBVCP"
          },
          {
            "d": "OCLCF"
          },
          {
            "d": "OCLCO"
          },
          {
            "d": "OCLCQ"
          },
          {
            "d": "PHUST"
          },
          {
            "d": "OCLCO"
          },
          {
            "d": "OCLCQ"
          },
          {
            "d": "OCLCA"
          }
        ]
      }
    },
    {
      "016": {
        "ind1": "7",
        "ind2": "\\",
        "subfields": [
          {
            "a": "CAT11016514"
          },
          {
            "2": "DNAL"
          }
        ]
      }
    },
    {
      "016": {
        "ind1": "7",
        "ind2": "\\",
        "subfields": [
          {
            "a": "12010980R"
          },
          {
            "2": "DNLM"
          }
        ]
      }
    },
    {
      "019": {
        "ind1": "\\",
        "ind2": "\\",
        "subfields": [
          {
            "a": "314518287"
          }
        ]
      }
    },
    {
      "035": {
        "ind1": "\\",
        "ind2": "\\",
        "subfields": [
          {
            "a": "(OCoLC)1454040"
          },
          {
            "z": "(OCoLC)314518287"
          }
        ]
      }
    },
    {
      "050": {
        "ind1": "0",
        "ind2": "0",
        "subfields": [
          {
            "a": "RC116"
          },
          {
            "b": ".H45"
          }
        ]
      }
    },
    {
      "060": {
        "ind1": "0",
        "ind2": "0",
        "subfields": [
          {
            "a": "QX 510"
          },
          {
            "b": "H556m 1940"
          }
        ]
      }
    },
    {
      "070": {
        "ind1": "0",
        "ind2": "\\",
        "subfields": [
          {
            "a": "428"
          },
          {
            "b": "H422M"
          }
        ]
      }
    },
    {
      "072": {
        "ind1": "\\",
        "ind2": "7",
        "subfields": [
          {
            "a": "L821"
          }
        ]
      }
    },
    {
      "082": {
        "ind1": "0",
        "ind2": "4",
        "subfields": [
          {
            "a": "614.43"
          },
          {
            "b": "HER"
          }
        ]
      }
    },
    {
      "100": {
        "ind1": "1",
        "ind2": "\\",
        "subfields": [
          {
            "a": "Herms, William B."
          },
          {
            "q": "(William Brodbeck),"
          },
          {
            "d": "1876-1949."
          }
        ]
      }
    },
    {
      "245": {
        "ind1": "1",
        "ind2": "0",
        "subfields": [
          {
            "a": "Mosquito control :"
          },
          {
            "b": "practical methods for abatement of disease vectors and pests /"
          },
          {
            "c": "[by] William Brodbeck Herms, Sc.D. [and] Harold Farnsworth Gray, Gr.P.H."
          }
        ]
      }
    },
    {
      "260": {
        "ind1": "\\",
        "ind2": "\\",
        "subfields": [
          {
            "a": "New York :"
          },
          {
            "b": "Commonwealth Fund,"
          },
          {
            "c": "1940."
          }
        ]
      }
    },
    {
      "300": {
        "ind1": "\\",
        "ind2": "\\",
        "subfields": [
          {
            "a": "xii, 317 pages, 16 leaves of plates :"
          },
          {
            "b": "illustrations ;"
          },
          {
            "c": "24 cm"
          }
        ]
      }
    },
    {
      "336": {
        "ind1": "\\",
        "ind2": "\\",
        "subfields": [
          {
            "a": "text"
          },
          {
            "b": "txt"
          },
          {
            "2": "rdacontent"
          }
        ]
      }
    },
    {
      "337": {
        "ind1": "\\",
        "ind2": "\\",
        "subfields": [
          {
            "a": "unmediated"
          },
          {
            "b": "n"
          },
          {
            "2": "rdamedia"
          }
        ]
      }
    },
    {
      "338": {
        "ind1": "\\",
        "ind2": "\\",
        "subfields": [
          {
            "a": "volume"
          },
          {
            "b": "nc"
          },
          {
            "2": "rdacarrier"
          }
        ]
      }
    },
    {
      "650": {
        "ind1": "\\",
        "ind2": "0",
        "subfields": [
          {
            "a": "Mosquitoes"
          },
          {
            "x": "Control."
          }
        ]
      }
    },
    {
      "650": {
        "ind1": "\\",
        "ind2": "2",
        "subfields": [
          {
            "a": "Anopheles."
          }
        ]
      }
    },
    {
      "650": {
        "ind1": "\\",
        "ind2": "2",
        "subfields": [
          {
            "a": "Mosquito Control."
          }
        ]
      }
    },
    {
      "650": {
        "ind1": "\\",
        "ind2": "7",
        "subfields": [
          {
            "a": "Mosquitoes"
          },
          {
            "x": "Control."
          },
          {
            "2": "fast"
          },
          {
            "0": "(OCoLC)fst01026776"
          }
        ]
      }
    },
    {
      "653": {
        "ind1": "\\",
        "ind2": "0",
        "subfields": [
          {
            "a": "Mosquitoes"
          }
        ]
      }
    },
    {
      "653": {
        "ind1": "\\",
        "ind2": "0",
        "subfields": [
          {
            "a": "Mosquitoes"
          },
          {
            "a": "Control"
          }
        ]
      }
    },
    {
      "700": {
        "ind1": "1",
        "ind2": "\\",
        "subfields": [
          {
            "a": "Gray, Harold Farnsworth,"
          },
          {
            "d": "1885-"
          }
        ]
      }
    },
    {
      "776": {
        "ind1": "0",
        "ind2": "8",
        "subfields": [
          {
            "i": "Online version:"
          },
          {
            "a": "Herms, William B. (William Brodbeck), 1876-1949."
          },
          {
            "t": "Mosquito control."
          },
          {
            "d": "New York, Commonwealth Fund, 1940"
          },
          {
            "w": "(OCoLC)598937427"
          }
        ]
      }
    },
    {
      "994": {
        "ind1": "\\",
        "ind2": "\\",
        "subfields": [
          {
            "a": "Z0"
          },
          {
            "b": "NYRVC"
          }
        ]
      }
    },
    {
      "948": {
        "ind1": "\\",
        "ind2": "\\",
        "subfields": [
          {
            "h": "NO HOLDINGS IN NYRVC - 156 OTHER HOLDINGS"
          }
        ]
      }
    },
    {
      "999": {
        "ind1": "\\",
        "ind2": "\\",
        "subfields": [
          {
            "a": "No barcode."
          }
        ]
      }
    },
    {
      "999": {
        "ind1": "\\",
        "ind2": "\\",
        "subfields": [
          {
            "a": "No barcode, second copy."
          }
        ]
      }
    }
  ]
}